@Abnt-options{ifscbib,
  abnt-emphasize           = {\textbf},
  abnt-etal-list           = {3},
  abnt-full-initials       = {no},
  abnt-repeated-field-omit = {no},
  abnt-show-options        = {warn},
  abnt-thesis-year         = {final},
  key                      = {aaaa},
}

@MANUAL{alves_2001,
    title = {Como fazer refer�ncias},
    author = {{ALVES, Maria Bernardete Martins; ARRUDA, Susana Margareth}},
    address = {Florian�polis: Universidade Federal de Santa Catarina, Biblioteca Universit�ria},
    year = {c2001},
    urlaccessdate = {11 jun. 2013},
    owner = {roberto},
    subtitle = {bibliogr�ficas, eletr�nicas e demais formas de documento},
    timestamp = {2013.06.10},
    url = {http://www.bu.ufsc.br/design/framerefer.php}
}

@MANUAL{abnt6024,
    title = {NBR 6024},
    author = {{ASSOCIA��O BRASILEIRA DE NORMAS T�CNICAS}},
    address = {Rio de Janeiro},
    year = {2012},
    subtitle = {informa��o e documenta��o: numera��o progressiva das se��es de um documento escrito: apresenta��o}
}

@MANUAL{abnt14724,
    title = {NBR 14724},
    author = {{ASSOCIA��O BRASILEIRA DE NORMAS T�CNICAS}},
    address = {Rio de Janeiro},
    year = {2011},
    pages = {11},
    subtitle = {informa��o e documenta��o: trabalhos acad�micos: apresenta��o}
}

@MANUAL{abnt10520,
    title = {NBR 10520},
    author = {{ASSOCIA��O BRASILEIRA DE NORMAS T�CNICAS}},
    address = {Rio de Janeiro},
    year = {2002},
    pages = {7},
    subtitle = {informa��o e documenta��o: cita��es em documentos: apresenta��o}
}

@MANUAL{BU_formatoA5,
    title = {Trabalho acad�mico},
    subtitle = {guia f�cil para diagrama��o: formato A5.},
    author = {{UNIVERSIDADE FEDERAL DE SANTA CATARINA. Biblioteca Universit�ria.}},
    address = {Florian�polis},
    year = {2009},
    comment = {Acesso em: 11 abr. 2013},
    owner = {roberto},
    timestamp = {2013.06.10},
    url = {http://www.bu.ufsc.br/design/GuiaRapido2012.pdf},
    urlaccessdate = {11 jun. 2013}
}

@Article{krug2002,
  author  = {Krug, John T. and S{\'{a}}nchez, Erik J. and Xie, X. Sunney},
  title   = {Design of near-field optical probes with optimal field enhancement by finite difference time domain electromagnetic simulation},
  journal = {Journal of Chemical Physics},
  year    = {2002},
  issn    = {00219606},
  doi     = {10.1063/1.1479723}
}