#Artigos de estabilização de imagem
@Article{broggi2005,
  	author  = {A. Broggi, P. Grisleri, T. Graf, M.Meinecke},
  	title   = {A software video stabilization system for
automotive oriented applications},
  	journal = {IEEE 61st Vehicular Technology Conference},
  	year    = {2005},
  	issn    = {1550-2252},
  	doi     = {10.1109/VETECS.2005.1543849}
}

@Article{yu-ming2003,
  	author  = {Yu-Ming, M. L., Hsiao, R. T., Hong, Y. M. and Sei, W. C.},
  	title   = {Stabilizing image sequences taken by the camcorder mounted on a moving vehicle},
  	journal = {IEEE International Conference on Intelligent Transportation Systems},
  	year    = {2003},
	doi     = {10.1109/ITSC.2003.1251927}
}

@Article{bombini2006,
  	author  = {L. Bombini, P. Cerri, P. Grisleri, S. Scaffardi, P. Zani},
  	title   = {An evaluation of monocular image stabilization algorithms for automotive applications},
  	journal = {IEEE 61st Vehicular Technology Conference},
  	year    = {2006},
  	issn    = {2153-0017},
  	doi     = {10.1109/ITSC.2006.1707446}
}

@Article{skubalska-rafajÅ‚owicz2014,
	author="Skubalska-Rafaj{\l}owicz, Ewa",
	title="Estimation of horizontal and vertical translations of large images based on columns and rows mean energy matching",
	journal="Multidimensional Systems and Signal Processing",
	year="2014",
	month="Apr",
	day="01",
	volume="25",
	number="2",
	pages="273--294",
	issn="1573-0824",
	doi="10.1007/s11045-013-0247-2",
	url="https://doi.org/10.1007/s11045-013-0247-2"
}

@INPROCEEDINGS{tsai2018,
	author={Y. {Tsai} and K. {Chen} and Y. {Chen} and J. {Cheng}},
	booktitle={2018 International Symposium on VLSI Design, Automation and Test (VLSI-DAT)},
	title={Accurate and fast obstacle detection method for automotive applications based on stereo vision},
	year={2018},
	volume={},
	number={},
	pages={1-4},
	doi={10.1109/VLSI-DAT.2018.8373249},
	ISSN={2472-9124},
	month={April}
}

@INPROCEEDINGS{bertozzi1996,
	author={M. {Bertozzi} and A. {Broggi} and A. {Fascioli}},
	booktitle={Proceedings of 3rd IEEE International Conference on Image Processing},
	title={A stereo vision system for real-time automotive obstacle detection},
	year={1996},
	volume={2},
	number={},
	pages={681-684 vol.2},
	doi={10.1109/ICIP.1996.560970},
	ISSN={},
	month={Sep.},
}

@INPROCEEDINGS{tsai2018,
	author={H. Hirschm ̈uller, S. Gehrig},
	booktitle={IEEE Conference on Computer Vision and Pattern Recognition},
	title={Stereo Matching in the Presence of Sub-Pixel Calibration Errors},
	year={2009},
	doi={10.1109/VLSI-DAT.2018.8373249},
	ISSN={2472-9124},
	month={April}
}

@INPROCEEDINGS{Hirschmuller2009,
	author={H. {Hirschmuller} and S. {Gehrig}},
	booktitle={2009 IEEE Conference on Computer Vision and Pattern Recognition},
	title={Stereo matching in the presence of sub-pixel calibration errors},
	year={2009},
	volume={},
	number={},
	pages={437-444},
	keywords={calibration;cameras;filtering theory;image matching;stereo image processing;stereo image matching;sub-pixel calibration error;parametric camera model;robotics example;driver assistance example;filter solution;signal theory;Calibration;Cameras;Robot vision systems;Temperature;Robot sensing systems;Filtering theory;Filters;Lenses;Image reconstruction;Layout},
	doi={10.1109/CVPR.2009.5206493},
	ISSN={1063-6919},
	month={June},
}

@INPROCEEDINGS{lu2013,
	author={C. {Lü} and X. {Wang} and Y. {Shen}},
	booktitle={2013 6th International Congress on Image and Signal Processing (CISP)},
	title={A stereo vision measurement system Based on OpenCV},
	year={2013},
	volume={2},
	number={},
	pages={718-722},
	keywords={computer vision;edge detection;image matching;stereo image processing;stereo vision measurement system;OpenCV;complete realization method;open source computer vision;camera calibration;3D grid target;OpenCV functions;Harris corner detection;stereo images;sparse point matching algorithm;epipolar constraint;feature pixel;Cameras;Stereo vision;Calibration;Feature extraction;Three-dimensional displays;Size measurement;Computer vision;3D measurement;OpenCV;camera calibration;Harris corner detection;stereo matching},
	doi={10.1109/CISP.2013.6745259},
	ISSN={},
	month={Dec},
}

@INPROCEEDINGS{Hitaka2001,
	author={G. {Hitaka} and T. {Murakami} and K. {Ohnishi}},
	booktitle={2001 IEEE/ASME International Conference on Advanced Intelligent Mechatronics. Proceedings (Cat. No.01TH8556)},
	title={An approach to vibration control by stereo vision system in mobile manipulator},
	year={2001},
	volume={1},
	number={},
	pages={601-605 vol.1},
	keywords={manipulators;mobile robots;robot vision;stereo image processing;vibration control;stability;motion estimation;vibration control;stereo vision system;mobile manipulator;rough terrain;tip motion;oscillation suppression;stable motion;oscillation estimation;stereo camera;motion estimation;road surface unevenness;rotational joints;translational joints;motion planning;end-effector;Vibration control;Stereo vision;Cameras;Manipulators;Motion estimation;Robot vision systems;Design engineering;Systems engineering and theory;Vehicles;Roads},
	doi={10.1109/AIM.2001.936533},
	ISSN={},
	month={July},
}

@INPROCEEDINGS{Setyawan2018,
	author={R. A. {Setyawan} and R. {Soenoko} and P. {Mudjirahardjo} and M. A. {Choiron}},
	booktitle={2018 Electrical Power, Electronics, Communications, Controls and Informatics Seminar (EECCIS)},
	title={Measurement Accuracy Analysis of Distance Between Cameras in Stereo Vision},
	year={2018},
	volume={},
	number={},
	pages={169-172},
	keywords={cameras;distance measurement;stereo image processing;visual perception;measurement accuracy analysis;depth estimation;stereo system;disparity map;distance estimation;stereo vision system;measurement error;cameras;distance measurement;stereo matching;stereo vision},
	doi={10.1109/EECCIS.2018.8692999},
	ISSN={},
	month={Oct},
}

