@INPROCEEDINGS{dong2004, 
author={X. {Dong} and S. {Deng} and T. {Hubing} and D. {Beetner}}, 
booktitle={2004 International Symposium on Electromagnetic Compatibility (IEEE Cat. No.04CH37559)}, 
title={Analysis of chip-level EMI using near-field magnetic scanning}, 
year={2004}, 
volume={1}, 
number={}, 
pages={174-177 vol.1}, 
keywords={electric noise measurement;electric current measurement;magnetic field measurement;electromagnetic interference;current distribution;integrated circuit noise;integrated circuit testing;electromagnetic compatibility;chip-level EMI analysis;near-field magnetic scanning;integrated circuits;radiated energy;high-frequency noise currents;unintentional radiating structures;printed circuit board;radiated emissions;current distribution;IC packages;clock driver;memory module;field programmable gate array;FPGA;electromagnetic compatibility;Magnetic analysis;Electromagnetic interference;Field programmable gate arrays;Integrated circuit noise;Low-frequency noise;Magnetic noise;Pins;Printed circuits;Current measurement;Magnetic field measurement}, 
doi={10.1109/ISEMC.2004.1350020}, 
ISSN={}, 
month={Aug},}
