#Artigos de estabilização de imagem
@Article{broggi2005,
  	author  = {A. Broggi, P. Grisleri, T. Graf, M.Meinecke},
  	title   = {\textbf{A software video stabilization system for
automotive oriented applications}},
  	journal = {IEEE 61st Vehicular Technology Conference},
  	year    = {2005},
  	issn    = {1550-2252},
  	doi     = {10.1109/VETECS.2005.1543849}
}

@Article{yu-ming2003,
  	author  = {Yu-Ming, M. L., Hsiao, R. T., Hong, Y. M. and Sei, W. C.},
  	title   = {\textbf{Stabilizing image sequences taken by the camcorder mounted on a moving vehicle}},
  	journal = {IEEE International Conference on Intelligent Transportation Systems},
  	year    = {2003},
	doi     = {10.1109/ITSC.2003.1251927}
}

@Article{skubalska-rafajÅ‚owicz2014,
	author="Skubalska-Rafaj{\l}owicz, Ewa",
	title="\textbf{Estimation of horizontal and vertical translations of large images based on columns and rows mean energy matching}",
	journal="Multidimensional Systems and Signal Processing",
	year="2014",
	month="Apr",
	day="01",
	volume="25",
	number="2",
	pages="273--294",
	issn="1573-0824",
	doi="10.1007/s11045-013-0247-2",
	url="https://doi.org/10.1007/s11045-013-0247-2"
}

@INPROCEEDINGS{tsai2018,
	author={Y. {Tsai} and K. {Chen} and Y. {Chen} and J. {Cheng}},
	booktitle={2018 International Symposium on VLSI Design, Automation and Test (VLSI-DAT)},
	title={\textbf{Accurate and fast obstacle detection method for automotive applications based on stereo vision}},
	year={2018},
	volume={},
	number={},
	pages={1-4},
	doi={10.1109/VLSI-DAT.2018.8373249},
	ISSN={2472-9124},
	month={April}
}

@INPROCEEDINGS{bertozzi1996,
	author={M. {Bertozzi} and A. {Broggi} and A. {Fascioli}},
	booktitle={Proceedings of 3rd IEEE International Conference on Image Processing},
	title={\textbf{A stereo vision system for real-time automotive obstacle detection}},
	year={1996},
	volume={2},
	number={},
	pages={681-684 vol.2},
	doi={10.1109/ICIP.1996.560970},
	ISSN={},
	month={Sep.},
}

@INPROCEEDINGS{tsai2018,
	author={H. Hirschm ̈uller, S. Gehrig},
	booktitle={IEEE Conference on Computer Vision and Pattern Recognition},
	title={\textbf{Stereo Matching in the Presence of Sub-Pixel Calibration Errors}},
	year={2009},
	doi={10.1109/VLSI-DAT.2018.8373249},
	ISSN={2472-9124},
	month={April}
}

@INPROCEEDINGS{Hirschmuller2009,
	author={H. {Hirschmuller} and S. {Gehrig}},
	booktitle={2009 IEEE Conference on Computer Vision and Pattern Recognition},
	title={\textbf{Stereo matching in the presence of sub-pixel calibration errors}},
	year={2009},
	volume={},
	number={},
	pages={437-444},
	keywords={calibration;cameras;filtering theory;image matching;stereo image processing;stereo image matching;sub-pixel calibration error;parametric camera model;robotics example;driver assistance example;filter solution;signal theory;Calibration;Cameras;Robot vision systems;Temperature;Robot sensing systems;Filtering theory;Filters;Lenses;Image reconstruction;Layout},
	doi={10.1109/CVPR.2009.5206493},
	ISSN={1063-6919},
	month={June},
}

@INPROCEEDINGS{lu2013,
	author={C. {Lü} and X. {Wang} and Y. {Shen}},
	booktitle={2013 6th International Congress on Image and Signal Processing (CISP)},
	title={\textbf{A stereo vision measurement system Based on OpenCV}},
	year={2013},
	volume={2},
	number={},
	pages={718-722},
	keywords={computer vision;edge detection;image matching;stereo image processing;stereo vision measurement system;OpenCV;complete realization method;open source computer vision;camera calibration;3D grid target;OpenCV functions;Harris corner detection;stereo images;sparse point matching algorithm;epipolar constraint;feature pixel;Cameras;Stereo vision;Calibration;Feature extraction;Three-dimensional displays;Size measurement;Computer vision;3D measurement;OpenCV;camera calibration;Harris corner detection;stereo matching},
	doi={10.1109/CISP.2013.6745259},
	ISSN={},
	month={Dec},
}

@INPROCEEDINGS{Hitaka2001,
	author={G. {Hitaka} and T. {Murakami} and K. {Ohnishi}},
	booktitle={2001 IEEE/ASME International Conference on Advanced Intelligent Mechatronics. Proceedings (Cat. No.01TH8556)},
	title={\textbf{An approach to vibration control by stereo vision system in mobile manipulator}},
	year={2001},
	volume={1},
	number={},
	pages={601-605 vol.1},
	keywords={manipulators;mobile robots;robot vision;stereo image processing;vibration control;stability;motion estimation;vibration control;stereo vision system;mobile manipulator;rough terrain;tip motion;oscillation suppression;stable motion;oscillation estimation;stereo camera;motion estimation;road surface unevenness;rotational joints;translational joints;motion planning;end-effector;Vibration control;Stereo vision;Cameras;Manipulators;Motion estimation;Robot vision systems;Design engineering;Systems engineering and theory;Vehicles;Roads},
	doi={10.1109/AIM.2001.936533},
	ISSN={},
	month={July},
}

@INPROCEEDINGS{Setyawan2018,
	author={R. A. {Setyawan} and R. {Soenoko} and P. {Mudjirahardjo} and M. A. {Choiron}},
	booktitle={2018 Electrical Power, Electronics, Communications, Controls and Informatics Seminar (EECCIS)},
	title={\textbf{Measurement Accuracy Analysis of Distance Between Cameras in Stereo Vision}},
	year={2018},
	volume={},
	number={},
	pages={169-172},
	keywords={cameras;distance measurement;stereo image processing;visual perception;measurement accuracy analysis;depth estimation;stereo system;disparity map;distance estimation;stereo vision system;measurement error;cameras;distance measurement;stereo matching;stereo vision},
	doi={10.1109/EECCIS.2018.8692999},
	ISSN={},
	month={Oct},
}

@INPROCEEDINGS{Malik2008,
    author={H. {Malik} and A. {Rakotonirainy}},
    booktitle={2008 19th International Conference on Systems Engineering},
    title={\textbf{The Need of Intelligent Driver Training Systems for Road Safety}},
    year={2008},
    volume={},
    number={},
    pages={183-188},
    keywords={alarm systems;automated highways;braking;computer based training;driver information systems;human factors;road accidents;road safety;intelligent driver training system;road safety;antilock braking system;early warning system;autonomous driving solution;driver driving competency;intelligent transport system;driving behaviour evaluation;collision avoidance;Driver circuits;Training;Vehicles;Roads;Sensors;Artificial intelligence;Safety;Driver Training;Intelligent Transportation Systems;Advance Driver Assistance Systems},
    doi={10.1109/ICSEng.2008.87},
    ISSN={},
    month={Aug},
}

@INPROCEEDINGS{Shanmugasundaram2018,
    author={G. {Shanmugasundaram} and D. C. {PunithaDevi} and S. {Balaji} and T. {Mugilan}},
    booktitle={2018 IEEE International Conference on System, Computation, Automation and Networking (ICSCA)},
    title={\textbf{Static obstacle detection for security in surveillance}},
    year={2018},
    volume={},
    number={},
    pages={1-5},
    doi={10.1109/ICSCAN.2018.8541221},
    ISSN={},
    month={July},
}

@INPROCEEDINGS{Wang2018,
    author={B. {Wang} and C. {King} and H. {Chu}},
    booktitle={2018 Sixth International Symposium on Computing and Networking (CANDAR)},
    title={\textbf{A Semi-Automatic Video Labeling Tool for Autonomous Driving Based on Multi-Object Detector and Tracker}},
    year={2018},
    volume={},
    number={},
    pages={201-206},
    doi={10.1109/CANDAR.2018.00035},
    ISSN={2379-1896},
    month={Nov},
}

@article{Marr1977,
 ISSN = {00804649},
 URL = {http://www.jstor.org/stable/77509},
 author = {D. {Marr} and T. {Poggio}},
 journal = {Proceedings of the Royal Society of London. Series B, Biological Sciences},
 number = {1156},
 pages = {301--328},
 publisher = {The Royal Society},
 title = {\textbf{A Computational Theory of Human Stereo Vision}},
 volume = {204},
 year = {1979}
}

@INPROCEEDINGS{Gehrig1999,
    author={S. K. {Gehrig} and F. J. {Stein}},
    booktitle={Proceedings 1999 International Conference on Image Processing (Cat. 99CH36348)},
    title={\textbf{Cartography and dead reckoning using stereo vision for an autonomous car}},
    year={1999},
    volume={4},
    number={},
    pages={30-34 vol.4},
    keywords={cartography;stereo image processing;automated highways;automobiles;CCD image sensors;motion estimation;cartography;road scene;autonomous car;stereo vision;dead reckoning;reference frame;3D measurements;on-board sensors;CCD cameras;stereopsis;3D data generation;ego-motion estimation;stationary points;vertical landmarks;traffic signs;lane markings;positioning error compensation;stationary object detection;Dead reckoning;Stereo vision;Layout;Remotely operated vehicles;Performance evaluation;Roads;Mobile robots;Charge coupled devices;Charge-coupled image sensors;Object detection},
    doi={10.1109/ICIP.1999.819461},
    ISSN={},
    month={Oct},
}

@INPROCEEDINGS{Bombini2006,
author={L. {Bombini} and P. {Cerri} and P. {Grisleri} and S. {Scaffardi} and P. {Zani}},
booktitle={2006 IEEE Intelligent Transportation Systems Conference},
title={\textbf{An evaluation of monocular image stabilization algorithms for automotive applications}},
year={2006},
volume={},
number={},
pages={1562-1567},
doi={10.1109/ITSC.2006.1707446},
ISSN={2153-0009},
month={Sep.},}

@mastersthesis{Algers1221909,
   author = {Algers, Bj{\"o}rn},
   institution = {Umeå University, Department of Physics},
   pages = {85},
   school = {Umeå University, Department of Physics},
   title = {\textbf{Stereo Camera Calibration Accuracy in Real-time Car Angles Estimation for Vision Driver Assistance and Autonomous Driving}},
   keywords = {Stereo camera, camera calibration, pnp-problem, laser metrology, Monte Carlo simulations, uncertainty estimation, camera pose estimation, measurement system, von-mises simulations, circular statistics},
   year = {2018}
}

@Article{Kyto2011,
    author = {M. {Kytö}  and M. {Nuutinen} and P. {Oittinen}},
    year = {2011},
    month = {01},
    pages = {78640I-1},
    title = {\textbf{Method for measuring stereo camera depth accuracy based on stereoscopic vision}},
    volume = {7864},
    journal = {IS&T/SPIE Electronic Imaging},
    doi = {10.1117/12.872015}
}

@Article{aboutopencv2019,
  author   = {OpenCV},
  title   = {\textbf{About OpenCV}},
  year    = {2019},
  url     = {https://opencv.org/about/},
}

@Article{opensource2019,
  author   = {{Open Source Initiative}},
  title   = {\textbf{Licenses & Standards}},
  year    = {2019},
  url     = {https://opensource.org/licenses},
}

@Article{opencvpython2019,
  author   = {OpenCV},
  title   = {\textbf{How OpenCV-Python Bindings Works?}},
  year    = {2019},
  url     = {https://docs.opencv.org/3.4/da/d49/tutorial_py_bindings_basics.html},
}

@Article{aboutros2019,
  author   = {ROS},
  title   = {\textbf{About ROS}},
  year    = {2019},
  url     = {https://www.ros.org/about-ros/},
}

@Article{rostopic2019,
  author   = {ROS},
  title   = {\textbf{Topics}},
  year    = {2019},
  url     = {http://wiki.ros.org/Topics},
}

@Article{rosmelodic2019,
  author   = {ROS},
  title   = {\textbf{ROS Melodic Morenia}},
  year    = {2019},
  url     = {http://wiki.ros.org/melodic},
}

@Article{vision_opencv2019,
  author   = {ROS},
  title   = {\textbf{vision_opencv}},
  year    = {2019},
  url     = {http://wiki.ros.org/vision_opencv},
}


@Article{rosdist2019,
  author   = {ROS},
  title   = {\textbf{Distributions}},
  year    = {2019},
  url     = {http://wiki.ros.org/Distributions},
}

@Article{tcpros2019,
  author   = {ROS},
  title   = {\textbf{TCPROS}},
  year    = {2019},
  url     = {http://wiki.ros.org/ROS/TCPROS},
}

@Article{arduinoros2019,
  author   = {ROS},
  title   = {\textbf{Arduino IDE Setup}},
  year    = {2019},
  url     = {http://wiki.ros.org/rosserial_arduino/Tutorials/Arduino\%20IDE\%20Setup},
}

@Article{rosserial2019,
  author   = {ROS},
  title   = {\textbf{rosserial}},
  year    = {2019},
  url     = {http://wiki.ros.org/rosserial},
}

@Article{fernandes_rosserial2019,
  author   = {{Fernandes}, F. E. J.},
  title   = {\textbf{Utilizando Arduino com ROS (Robot Operating System)}},
  year    = {2019},
  url     = {https://www.embarcados.com.br/arduino-com-rosserial_arduino/},
}


@Article{fernandes2019,
  author   = {{Fernandes}, F. E. J.},
  title   = {\textbf{Uma introdução ao Robot Operating System (ROS)}},
  year    = {2016},
  url     = {https://www.embarcados.com.br/uma-introducao-ao-robot-operating-system-ros/},
}

@Article{wimpress2019,
  author   = {{Wimpress}, M.},
  title   = {\textbf{Ubuntu MATE 18.04 Beta 1 for Raspberry Pi}},
  year    = {2019},
  url     = {https://ubuntu-mate.org/blog/ubuntu-mate-bionic-beta1-raspberry-pi/},
}

@Article{raspanatel2019,
  author   = {{Raspberry Pi Foundation}},
  title   = {\textbf{Brand new and blue: our Brazilian Raspberry Pi 3}},
  year    = {2019},
  url     = {https://www.raspberrypi.org/blog/raspberry-pi-brazil/},
}

@Article{rasp3bplus2019,
  author   = {{Raspberry Pi Foundation}},
  title   = {\textbf{Raspberry Pi 3 Model B+ on sale now at \$35}},
  year    = {2019},
  url     = {https://www.raspberrypi.org/blog/raspberry-pi-3-model-bplus-sale-now-35/},
}

@article{naglak2018,
  title={\textbf{Backseat Control of SandShark AUV using ROS on RaspberryPi*}},
  author={J. E. {Naglak} and B. R. {Page} and N. {Mahmoudian}},
  journal={OCEANS 2018 MTS/IEEE Charleston},
  year={2018},
  pages={1-5}
}

@Article{rosebrock2018,
  author   = {A. {Rosebrock}},
  title   = {\textbf{Install OpenCV 4 on your Raspberry Pi}},
  year    = {2019},
  url     = {https://www.pyimagesearch.com/2018/09/26/install-opencv-4-on-your-raspberry-pi/},
}

@Article{kyristsis2016,
    author = {S. {Kyristsis} and A. {Antonopoulos}  and T. {Chanialakis}  and at al},
    title = {\textbf{Towards Autonomous Modular UAV Missions: The Detection, Geo-Location and Landing Paradigm}},
    year = {2016},
    month = {11},
    volume = {16},
    journal = {Sensors},
}

@Article{stmicroelectronics2000,
    author = {Stmicroelectronics},
    title = {\textbf{L298 - Datasheet}},
    year = {2000},
}

@Article{borges2019,
  author   = {{Lima}, C. B},
  title   = {\textbf{Driver para Motor DC para o Arduino}},
  year    = {2019},
  url     = {http://borgescorporation.blogspot.com/2011/06/driver-para-motor-dc-para-o-arduino.html},
}

@Book{lathi2014,
  title     = {Sinais e Sistemas Lineares},
  publisher = {Oxford University Press, Incorporated},
  year      = {2014},
  author    = {B.P.Lathi.},
  isbn      = {9788560031139}
}

@INPROCEEDINGS{Suryatali2015,
author={A. {Suryatali} and V. B. {Dharmadhikari}},
booktitle={2015 International Conference on Circuits, Power and Computing Technologies [ICCPCT-2015]},
title={Computer vision based vehicle detection for toll collection system using embedded Linux},
year={2015},
volume={},
number={},
pages={1-7},
keywords={computer vision;embedded systems;image capture;image classification;Internet;Linux;object detection;object recognition;radiofrequency identification;road vehicles;traffic engineering computing;computer vision based vehicle detection;highway toll collection system;manual toll collection;RF tag;barcode;number plate recognition;OpenCV library;embedded Linux platform;embedded Linux development kit;Raspberry pi;image capture;toll booth;vehicle classification;Web server information;Vehicles;Cameras;Kalman filters;Videos;Radiofrequency identification;Linux;Computers;Toll Collection System;Vehicle Detection;OpenCV;Background Subtraction;Kalman Filter},
doi={10.1109/ICCPCT.2015.7159412},
ISSN={},
month={March},}