@INPROCEEDINGS{li2007, 
author={S. {Li} and K. {Hu} and D. {Beetner} and J. {Drewniak} and J. {Reck} and M. {O'Keefe} and K. {Wang} and X. {Dong} and K. {Slattery}}, 
booktitle={2007 IEEE International Symposium on Electromagnetic Compatibility}, 
title={Development and Application of a High-Resolution Thin-Film Probe}, 
year={2007}, 
volume={}, 
number={}, 
pages={1-5}, 
keywords={electron probes;integrated circuit testing;network analysers;thin film devices;high-resolution thin-film probe;magnetic-field probe;spatial resolution;electric field rejection;common-mode coupling;differential-mode coupling;network analyzer;narrow band filtering;IC package pins;Transistors;Probes;Magnetic separation;Magnetic shielding;Magnetic field measurement;Phase detection;Magnetic films;Spatial resolution;Hybrid junctions;Couplings}, 
doi={10.1109/ISEMC.2007.47}, 
ISSN={2158-110X}, 
month={July},}
