@phdthesis{sivaraman:tel-01757038,
  TITLE = {{Design of magnetic probes for near field measurements and the development of algorithms for the prediction of EMC}},
  AUTHOR = {Sivaraman, Nimisha},
  URL = {https://tel.archives-ouvertes.fr/tel-01757038},
  NUMBER = {2017GREAT082},
  HAL_LOCAL_REFERENCE = {RFM},
  SCHOOL = {{Universit{\'e} Grenoble Alpes}},
  YEAR = {2017},
  MONTH = Dec,
  KEYWORDS = {Transmission line matrix ; Aeronautic applications ; Near Fields ; Magnetic probe ; Electromagnetic compatibility ; A{\'e}ronautique ; Champs proches ; Sondes magn{\'e}tique ; Compatibilit{\'e} electromagn{\'e}tique},
  TYPE = {Theses},
  PDF = {https://tel.archives-ouvertes.fr/tel-01757038/file/SIVARAMAN_2017_diffusion.pdf},
  HAL_ID = {tel-01757038},
  HAL_VERSION = {v1},
}
