 @INPROCEEDINGS{slattery2007, 
author={K. {Slattery} and K. {Daniel} and X. {Dong}}, 
booktitle={2007 IEEE International Symposium on Electromagnetic Compatibility}, 
title={Measurement of a Point Source Radiator Using Magnetic and Electric Probes and Application to Silicon Design of Clock Devices}, 
year={2007}, 
volume={}, 
number={}, 
pages={1-6}, 
keywords={electric field measurement;magnetic field measurement;probes;point source radiator;simple magnetic loop probe;electric field probe;silicon design;PC system clock device;near field scanning system;small aperture truncated coax;electric dipole equations;magnetic dipole equations;RFI;Electric variables measurement;Magnetic devices;Probes;Silicon;Clocks;Magnetic field measurement;Magnetic analysis;Equations;Performance evaluation;Testing}, 
doi={10.1109/ISEMC.2007.66}, 
ISSN={2158-110X}, 
month={July},}
